<?xml version="1.0" encoding="UTF-8"?><collection xmlns="http://www.loc.gov/MARC21/slim"><record><leader>00489nam--2200193-u-4500</leader><controlfield tag="001">000055881</controlfield><controlfield tag="002">20161230</controlfield><controlfield tag="005">20161230201052</controlfield><controlfield tag="008">130813s1000------------r-----000-0-rus-d</controlfield><datafield ind1=" " ind2=" " tag="040"><subfield code="a">IFIN-HH</subfield></datafield><datafield ind1=" " ind2=" " tag="041"><subfield code="a">rus</subfield></datafield><datafield ind1=" " ind2=" " tag="080"><subfield code="a">519.682.7</subfield></datafield><datafield ind1="1" ind2=" " tag="100"><subfield code="a">Gonta, M.G</subfield></datafield><datafield ind1="1" ind2="0" tag="245"><subfield code="a">Instrumentalnii kompleks t-semol</subfield><subfield code="c">M.g. gonta, m.n. mariciuk, v.t. bumbu</subfield></datafield><datafield ind1=" " ind2=" " tag="260"><subfield code="a">Kisinev</subfield><subfield code="b">Stiinta</subfield><subfield code="c">1976</subfield></datafield><datafield ind1=" " ind2=" " tag="300"><subfield code="a">89P</subfield></datafield><datafield ind1="1" ind2=" " tag="700"><subfield code="a">Bumbu, V.T</subfield></datafield><datafield ind1=" " ind2=" " tag="852"><subfield code="a">45784</subfield><subfield code="c">519.4/5</subfield></datafield><datafield ind1=" " ind2=" " tag="CAT"><subfield code="a">Sys</subfield><subfield code="c">20130813</subfield><subfield code="h">161859</subfield></datafield></record></collection>